@book{wasserman2013all,
	Address = {New York},
	Author = {Wasserman, Larry},
	Date-Modified = {2018-06-23 10:51:47 pm +0000},
	Doi = {10.1007/978-0-387-21736-9},
	Isbn = {978-0-387-40272-7},
	Publisher = {Springer-Verlag},
	Subtitle = {A Concise Course in Statistical Inference},
	Title = {All of Statistics},
	Year = {2004},
	Bdsk-Url-1 = {https://doi.org/10.1007/978-0-387-21736-9}
}

@book{pawitan2001all,
	Author = {Pawitan, Yudi},
	Date-Modified = {2018-06-06 11:01:00 pm +0000},
	Isbn = {978-0-19-850765-9},
	Publisher = {Oxford University Press},
	Title = {In All Likelihood},
	Titleaddon = {Statistical Modelling and Inference Using Likelihood},
	Year = {2001}}
	
	@book{casella2002statistical,
	Address = {Pacific Grove, CA},
	Author = {Casella, George and Berger, Roger L.},
	Date-Modified = {2018-06-06 4:58:58 pm +0000},
	Edition = {2},
	Isbn = {978-0-534-24312-8},
	Publisher = {Duxbury},
	Title = {Statistical Inference},
	Year = {2002}}